<?xml version="1.0" encoding="UTF-8"?><record xmlns="http://www.loc.gov/MARC21/slim" xmlns:cinclude="http://apache.org/cocoon/include/1.0" xmlns:zs="http://www.loc.gov/zing/srw/">
  <leader>00633cz  a2200169n  4500</leader>
  <controlfield tag="001">n 2007213907</controlfield>
  <controlfield tag="003">DLC</controlfield>
  <controlfield tag="005">20160617141832.0</controlfield>
  <controlfield tag="008">070717n| azannaabn          |a aaa      </controlfield>
  <datafield tag="010" ind1=" " ind2=" ">
    <subfield code="a">n 2007213907</subfield>
    <subfield code="z">no2013126380</subfield>
  </datafield>
  <datafield tag="040" ind1=" " ind2=" ">
    <subfield code="a">DLC</subfield>
    <subfield code="b">eng</subfield>
    <subfield code="e">rda</subfield>
    <subfield code="c">DLC</subfield>
    <subfield code="d">DLC</subfield>
  </datafield>
  <datafield tag="100" ind1="1" ind2=" ">
    <subfield code="a">Damasceno, Francisco José Gomes</subfield>
  </datafield>
  <datafield tag="375" ind1=" " ind2=" ">
    <subfield code="a">male</subfield>
  </datafield>
  <datafield tag="377" ind1=" " ind2=" ">
    <subfield code="a">por</subfield>
  </datafield>
  <datafield tag="400" ind1="1" ind2=" ">
    <subfield code="a">Gomes Damasceno, Francisco José</subfield>
  </datafield>
  <datafield tag="670" ind1=" " ind2=" ">
    <subfield code="a">Outras histórias, c2004:</subfield>
    <subfield code="b">t.p. (Francisco José Gomes Damasceno)</subfield>
  </datafield>
  <datafield tag="670" ind1=" " ind2=" ">
    <subfield code="a">Sutil diferença, 2012:</subfield>
    <subfield code="b">t.p. (Francisco José Gomes Damasceno) flap (doctorate in social history, 2004, Pontifícia Universidade Católica de São Paulo)</subfield>
  </datafield>
</record>